<record><leader>00000cas a22000007a 4500</leader><controlfield tag="001">9232648</controlfield><controlfield tag="008">830217d18761883mau x ne      0    0eng d</controlfield><controlfield tag="009">3768</controlfield><datafield ind1=" " ind2=" " tag="010"><subfield code="a">sn 83020035 </subfield></datafield><datafield ind1=" " ind2=" " tag="040"><subfield code="a">NPX</subfield><subfield code="b">eng</subfield><subfield code="c">NPX</subfield><subfield code="d">MGN</subfield><subfield code="d">DLC</subfield><subfield code="d">OCLCG</subfield></datafield><datafield ind1=" " ind2=" " tag="042"><subfield code="a">msc</subfield></datafield><datafield ind1=" " ind2=" " tag="043"><subfield code="a">n-us-ma</subfield></datafield><datafield ind1="0" ind2="0" tag="245"><subfield code="a">Chelmsford eagle.</subfield></datafield><datafield ind1=" " ind2=" " tag="260"><subfield code="a">Chelmsford, Mass. :</subfield><subfield code="b">Village Improvement Association,</subfield><subfield code="c">1876-1883.</subfield></datafield><datafield ind1=" " ind2=" " tag="300"><subfield code="a">v. ;</subfield><subfield code="c">60 cm.</subfield></datafield><datafield ind1="0" ind2=" " tag="362"><subfield code="a">Vol. 1, no. 1 (Jan. 1, 1876)-v. 3, no. 1 (Dec. 15, 1883).</subfield></datafield><datafield ind1=" " ind2=" " tag="500"><subfield code="a">Three numbers published: Jan. 1, 1876; Dec. 12, 1877; Dec. 15, 1883.</subfield></datafield><datafield ind1=" " ind2=" " tag="500"><subfield code="a">Printers: Marden &amp; Rowell.</subfield></datafield><datafield ind1=" " ind2=" " tag="500"><subfield code="a">Editors: H.S. Perham, E. Fitzgerald, B.F. Cooley, 1876; H.S. Perham &amp; E.H. Warren, 1877; H.S. Perham, 1883.</subfield></datafield><datafield ind1=" " ind2=" " tag="550"><subfield code="a">Issued by: Village Improvement Association of Chelmsford Centre.</subfield></datafield><datafield ind1="1" ind2=" " tag="700"><subfield code="a">Perham, Henry S.</subfield></datafield><datafield ind1="1" ind2=" " tag="700"><subfield code="a">Fitzgerald, E.</subfield></datafield><datafield ind1="1" ind2=" " tag="700"><subfield code="a">Cooley, B. F.</subfield></datafield><datafield ind1="1" ind2=" " tag="700"><subfield code="a">Warren, Edwin Henchman,</subfield><subfield code="d">1824-1898.</subfield></datafield><datafield ind1="2" ind2=" " tag="710"><subfield code="a">Chelmsford Village Improvement Association.</subfield></datafield><datafield ind1=" " ind2=" " tag="752"><subfield code="a">United States</subfield><subfield code="b">Massachusetts</subfield><subfield code="c">Middlesex</subfield><subfield code="d">Chelmsford.</subfield></datafield></record>